<record><leader>00000cas a22000007a 4500</leader><controlfield tag="001">17975141</controlfield><controlfield tag="008">880519u19uuuuuutxuuu ne      0    0eng d</controlfield><datafield ind1=" " ind2=" " tag="010"><subfield code="a">sn 88083552 </subfield></datafield><datafield ind1=" " ind2=" " tag="040"><subfield code="a">PPM</subfield><subfield code="b">eng</subfield><subfield code="c">PPM</subfield><subfield code="d">OCLCQ</subfield></datafield><datafield ind1=" " ind2=" " tag="042"><subfield code="a">msc</subfield></datafield><datafield ind1="0" ind2="4" tag="245"><subfield code="a">The Annona news.</subfield></datafield><datafield ind1=" " ind2=" " tag="260"><subfield code="a">Annona, Tex. :</subfield><subfield code="b">[s.n.]</subfield></datafield><datafield ind1=" " ind2=" " tag="588"><subfield code="a">Description based on: Vol. 3, no. (Nov. 12, 1914).</subfield></datafield><datafield ind1=" " ind2=" " tag="752"><subfield code="a">United States</subfield><subfield code="b">Texas</subfield><subfield code="c">Red River</subfield><subfield code="d">Annona.</subfield></datafield><datafield ind1="0" ind2="1" tag="780"><subfield code="t">Annona-Avery news</subfield><subfield code="w">(DLC)sn 88083879</subfield></datafield><datafield ind1="1" ind2=" " tag="029"><subfield code="a">AU@</subfield><subfield code="b">000025801288</subfield></datafield></record>